@BOOK{Afanasyev92,
author = "Афанасьев, В. В. and Василевский, О. Н.",
title = "Расчеты электрических цепей
на программируемых микрокалькуляторах",
address = "М.",
publisher = "Энергоиздат",
year = 1992,
numpages = 190,
language = "russian"
}
 
@BOOK{Vasylenko92,
author = "Василенко, М. В.",
title = "Теорiя коливань: Навчальний посiбник",
address = "К.",
publisher = "Вища школа",
year = 1992,
numpages = 430,
language = "ukrainian"
}
 
@MISC{doe:website,
      AUTHOR = "John Doe",
      TITLE = "the website title",
      MONTH = feb,
      YEAR = 2011,
      NOTE = "url{http://whereever/file.ext}"
}

@MISC{web:matplotlib,
	TITLE = "Matplotlib --- plotting library for Python.",
	NOTE = "{https://matplotlib.org/index.html}"
}

@MISC{web:scipy,
	TITLE = "Python-based ecosystem for mathematics, science, and engineering.",
	NOTE = "{https://www.scipy.org/}"
}

@MISC{web:scipy.integrate,
	TITLE = "Module of scipy.integrate --- numerical integration techniques including an ordinary differential equation integrator.",
	NOTE = "{https://docs.scipy.org/doc/scipy/reference/tutorial/integrate.html}"
}

@MISC{web:numpy,
	TITLE = "Fundamental package for scientific computing with Python",
	NOTE = "{https://numpy.org/}"
}

@Book{Landau:mech,
	author = "Л. Д. Ландау and Е. М. Лифшиц",
	title = "Теоретическая физика: учебное пособие в 10 т.",
	publisher = "Наука. Гл. ред. физ.-мат. лит.",
	address = "М.",
	year = 2004,
	volume = "I. Механика",

	edition = "5-е, стереот.",
	language = "russian"
}

@Book{Landau:field,
	author = "Л. Д. Ландау and Е. М. Лифшиц",
	title = "Теоретическая физика: учебное пособие в 10 т.",
	publisher = "Наука. Гл. ред. физ.-мат. лит.",
	address = "М.",
	year = 2004,
	volume = "II. Теория поля",

	edition = "5-е, стереот.",
	language = "russian"
}

@Book{Sivukhin:mech,
	author = "Сивухин Д.В.",
	title = "Общий курс физики: учебное пособие в 5 т.",
	publisher = "ФИЗМАТЛИТ; изд-во МФТИ",
	address = "М.",
	year = 2005,
	volume = "I. Механика",

	edition = "4-е, стереот.",
	language = "russian"
}

@BOOK{Izmaylov,
	author = "Измайлов С. В.",
	title = "Курс электродинамики",
	address = "М.",
	publisher = "Государственное учебно-педагогическое издательство министерства просвещения РСФСР",
	year = 1962,
	language = "russian"
}

